<record><leader>00000cas a22000007a 4500</leader><controlfield tag="001">15004471</controlfield><controlfield tag="008">861223d185u1855nyudn ne      0    0eng d</controlfield><datafield ind1=" " ind2=" " tag="010"><subfield code="a">sn 86083465 </subfield></datafield><datafield ind1=" " ind2=" " tag="040"><subfield code="a">NPH</subfield><subfield code="b">eng</subfield><subfield code="c">NPH</subfield><subfield code="d">OCLCQ</subfield><subfield code="d">NYS</subfield><subfield code="d">OCLCQ</subfield></datafield><datafield ind1=" " ind2=" " tag="042"><subfield code="a">msc</subfield></datafield><datafield ind1="0" ind2="4" tag="245"><subfield code="a">The East Brooklyn daily times.</subfield></datafield><datafield ind1="3" ind2="0" tag="246"><subfield code="a">East Brooklyn times</subfield></datafield><datafield ind1=" " ind2=" " tag="260"><subfield code="a">East Brooklyn [N.Y.] :</subfield><subfield code="b">Bennett &amp; Smith,</subfield><subfield code="c">-1855.</subfield></datafield><datafield ind1=" " ind2=" " tag="300"><subfield code="a">v.</subfield></datafield><datafield ind1=" " ind2=" " tag="310"><subfield code="a">Daily (except Sunday)</subfield></datafield><datafield ind1="0" ind2=" " tag="362"><subfield code="a">-v. 7, no. 2096 (Jan. 3, 1855).</subfield></datafield><datafield ind1=" " ind2=" " tag="588"><subfield code="a">Description based on: Vol. 7, no. 2095 (Jan. 2, 1855).</subfield></datafield><datafield ind1=" " ind2=" " tag="752"><subfield code="a">United States</subfield><subfield code="b">New York</subfield><subfield code="c">New York</subfield><subfield code="d">New York.</subfield></datafield><datafield ind1=" " ind2=" " tag="752"><subfield code="a">United States</subfield><subfield code="b">New York</subfield><subfield code="c">Kings</subfield><subfield code="d">Brooklyn.</subfield></datafield><datafield ind1=" " ind2=" " tag="752"><subfield code="a">United States</subfield><subfield code="b">New York</subfield><subfield code="c">Kings</subfield><subfield code="d">East Brooklyn.</subfield></datafield><datafield ind1="0" ind2="0" tag="780"><subfield code="t">Willliamsburgh daily times</subfield><subfield code="w">(DLC)sn 86083460</subfield></datafield><datafield ind1="0" ind2="0" tag="785"><subfield code="t">Brooklyn daily times</subfield><subfield code="w">(DLC)sn 83030765</subfield><subfield code="w">(OCoLC)9664096</subfield></datafield></record>